<?xml version="1.0" encoding="UTF-8"?><record xmlns="http://www.loc.gov/MARC21/slim" xmlns:cinclude="http://apache.org/cocoon/include/1.0" xmlns:zs="http://www.loc.gov/zing/srw/">
  <leader>01147cz  a2200241n  4500</leader>
  <controlfield tag="001">n  81108973 </controlfield>
  <controlfield tag="003">DLC</controlfield>
  <controlfield tag="005">20131127073804.0</controlfield>
  <controlfield tag="008">820208n| azannaabn          |a ana      </controlfield>
  <datafield tag="010" ind1=" " ind2=" ">
    <subfield code="a">n  81108973 </subfield>
  </datafield>
  <datafield tag="035" ind1=" " ind2=" ">
    <subfield code="a">(OCoLC)oca00654029</subfield>
  </datafield>
  <datafield tag="040" ind1=" " ind2=" ">
    <subfield code="a">DLC</subfield>
    <subfield code="b">eng</subfield>
    <subfield code="e">rda</subfield>
    <subfield code="c">DLC</subfield>
    <subfield code="d">NcU</subfield>
    <subfield code="d">OCoLC</subfield>
    <subfield code="d">NcU</subfield>
    <subfield code="d">IEN</subfield>
  </datafield>
  <datafield tag="046" ind1=" " ind2=" ">
    <subfield code="s">1951</subfield>
    <subfield code="t">1967-06</subfield>
  </datafield>
  <datafield tag="110" ind1="2" ind2=" ">
    <subfield code="a">East Carolina College</subfield>
  </datafield>
  <datafield tag="370" ind1=" " ind2=" ">
    <subfield code="e">Greenville (N.C.)</subfield>
  </datafield>
  <datafield tag="410" ind1="2" ind2=" ">
    <subfield code="a">ECC</subfield>
  </datafield>
  <datafield tag="410" ind1="1" ind2=" ">
    <subfield code="w">nnaa</subfield>
    <subfield code="a">North Carolina.</subfield>
    <subfield code="b">East Carolina College, Greenville</subfield>
  </datafield>
  <datafield tag="410" ind1="1" ind2=" ">
    <subfield code="a">Greenville (N.C.).</subfield>
    <subfield code="b">East Carolina College</subfield>
  </datafield>
  <datafield tag="410" ind1="1" ind2=" ">
    <subfield code="a">North Carolina.</subfield>
    <subfield code="b">East Carolina College</subfield>
  </datafield>
  <datafield tag="510" ind1="2" ind2=" ">
    <subfield code="w">r</subfield>
    <subfield code="i">Predecessor:</subfield>
    <subfield code="a">East Carolina Teachers College</subfield>
  </datafield>
  <datafield tag="510" ind1="2" ind2=" ">
    <subfield code="w">r</subfield>
    <subfield code="i">Successor:</subfield>
    <subfield code="a">East Carolina University</subfield>
  </datafield>
  <datafield tag="670" ind1=" " ind2=" ">
    <subfield code="a">East Carolina University timeline webpage, 25 March 2002</subfield>
    <subfield code="b">(1907, March 8 - East Carolina Teachers Training School chartered; 1921 - ECTTS renamed East Carolina Teachers College; 1951 - ECTC receives college status, renamed East Carolina College; 1967 - June 29 - ECC receives university status, renamed East Carolina University)</subfield>
  </datafield>
  <datafield tag="670" ind1=" " ind2=" ">
    <subfield code="a">Tucker, J.A. East Carolina University, 2013:</subfield>
    <subfield code="b">table of contents (East Carolina College)</subfield>
  </datafield>
</record>